@misc{podolny,
	title="В. Подольный Архитектура высоконагруженных систем // --М.: ООО «САМ Полиграфист», 2022. ---160 с.",
	howpublished=""
}

@misc{cdn,
	title="Content Delivery Networks Architecture, Features, and Benefits [Электронный ресурс]",
	howpublished="Режим доступа: \url{https://www.researchgate.net/publication/305722381_Content_Delivery_Networks_Architecture_Features_and_Benefits} (дата обращения: 28.10.2022)"
}

@misc{req,
	title="С.Н. Амиров. Особенности разработки высоконагруженных систем // International Journal of Open Information Technologies ISSN: 2307-8162. ---2020. ---Vol. 8, № 8.",
	howpublished=""
}

@misc{mon,
	title="В. А. Рудометкин. Мониторинг и поиск несиправностей в распределённых высоконагруженных системах // Кибернетика и программирование. ---2020. № 2.",
	howpublished=""
}

@misc{Alakeel,
	title="Alakeel A.M. A Guide to Dynamic Load Balancing in Distributed Computer Systems // IJCSNS Int. J. Comput. Sci. Netw. Secur. ---2010. ---Vol. 10, No. 6. ---P. 153--160.",
	howpublished=""
}

@misc{ali,
	title="Ali M.F., Khan R.Z. The Study On Load Balancing Strategies In Distributed Computing System // Int. J. Comput. Sci. Eng. Surv. ---2012. ---Vol. 3, No. 2. ---P. 19--30.",
	howpublished=""
}

@misc{dolgov,
	title="Дворников В.С., Долгов В.В., Венцов Н.Н. Обзор методов балансировки нагрузки в гетерогенных распределённых файловых системах // Фундаментальные исследования. ---2017. ---№ 9-2. ---С. 295--302.",
	howpublished=""
}

@misc{nginx,
	title="nginx [Электронный ресурс]",
	howpublished="Режим доступа: \url{https://nginx.org/ru/} (дата обращения: 15.10.2022) "
}

@misc{haproxy,
	title="The Reliable, High Performance TCP/HTTP Load Balancer",
	howpublished="Режим доступа: \url{https://www.haproxy.com/} (дата обращения: 15.10.2022) "
}

@misc{lvs,
	title="The Linux Virtual Server Project",
	howpublished="Режим доступа: \url{http://www.linuxvirtualserver.org/} (дата обращения: 15.10.2022) "
}

@article{req2,
  title={Сравнительный анализ времени выполнения сортировки по алгоритму Шелла, гномьей сортировки и сортировки перемешиванием},
  author={Прохоренко В. В., Погорелов Д. А., Кострицкий А. С.},
  journal={Инновационные аспекты развития науки и техники},
  year={2021},
}

@inbook{
	Levenshtein,
	author="Левенштейн, В. И.",
	title="Двоичные коды с исправлением выпадений, вставок и замещений символов",
	publisher="-- М.: Доклады АН СССР",
	volume=163,
	chapter=4,
	pages="845--848",
	language="russian",
	year=1965
}


