@misc{intro,
    title = {Исследование объективности связи ценообразующих факторов качества музыкальных инструментов с мнением их потенциальных покупателей / А. Е. Зверовщиков [и др.] // Известия высших учебных заведений. Поволжский регион. --- 2018. № 1 (45). --- С 190--206.},
    howpublished = ""
}

@misc{s1,
    title = {Основы технологий баз данных: учебное пособие / А. А. Агафонов, А. М. Белов // Издательство Самарского университета, --- 2023. --- 304 с.},
    howpublished = ""
}

@misc{s2,
    title = {Основы проектирования баз данных: учебное пособие / Д.А. Попова-Коварцева, Е.В. Сопченко // Издательство Самарского университета, --- 2019. --- 112 с.},
    howpublished = ""
}

@misc{postgres,
    title = {PostgreSQL: The World's Most Advanced Open Source Relational Database [Электронный ресурс]},
    howpublished = "Режим доступа: \url{https://www.postgresql.org/} --- (Дата обращения: 2023-05-20)"
}

@misc{java,
    title = {Документация по Java [Электронный ресурс]},
    howpublished = "Режим доступа: \url{https://www.java.com/ru/} --- (Дата обращения: 2023-05-17)"
}

@misc{gradle,
    title = {Gradle Build Tool [Электронный ресурс]},
    howpublished = "Режим доступа: \url{https://gradle.org/} --- (Дата обращения: 2023-05-17)"
}

@misc{jdbc,
    title = {JDBC Introduction [Электронный ресурс]},
    howpublished = "Режим доступа: \url{https://docs.oracle.com/javase/tutorial/jdbc/overview/index.html} --- (Дата обращения: 2023-05-18)"
}

@misc{amd,
	title="AMD Ryzen™ 5 3550H [Электронный ресурс]",
	howpublished="Режим доступа: \url{https://www.amd.com/en/products/apu/amd-ryzen-5-3550h} (дата обращения: 2023-05-17)"
}

